@misc{paskevich2007syntax,
  title={The syntax and semantics of the {ForTheL} language},
  author={Paskevich, Andrei},
  year={2007},
  publisher={Citeseer}
}

@article{frerix2019making,
  title={Making Set Theory Great Again: The {Naproche-SAD} Project},
  author={Frerix, Steffen and Koepke, Peter},
  year={2019}
}

@inproceedings{lyaletski2004theorem,
  title={Theorem proving and proof verification in the system {SAD}},
  author={Lyaletski, Alexander and Paskevich, Andrey and Verchinine, Konstantin},
  booktitle={International Conference on Mathematical Knowledge Management},
  pages={236--250},
  year={2004},
  organization={Springer}
}

@inproceedings{de2015lean,
  title={The {Lean} theorem prover (system description)},
  author={de Moura, Leonardo and Kong, Soonho and Avigad, Jeremy and Van Doorn, Floris and von Raumer, Jakob},
  booktitle={International Conference on Automated Deduction},
  pages={378--388},
  year={2015},
  organization={Springer}
}